% geklaut aus der Risikokommunikationsarbeit
@article{hopf1978pseudo,
  title={Die Pseudo-Exploration--{\"U}berlegungen zur Technik qualitativer Interviews in der Sozialforschung/Pseudo-exploration--Thoughts on the techniques of qualitative interviews in social research},
  author={Hopf, Christel},
  journal={Zeitschrift f{\"u}r Soziologie},
  volume={7},
  number={2},
  pages={97--115},
  year={1978},
  publisher={Lucius \& Lucius}
}

@incollection{mayring2010qualitative,
  title={Qualitative inhaltsanalyse},
  author={Mayring, Philipp},
  booktitle={Handbuch qualitative Forschung in der Psychologie},
  pages={601--613},
  year={2010},
  publisher={Springer}
}

@book{brosius2008methoden,
  title={Methoden der empirischen Kommunikationsforschung},
  author={Brosius, Hans-Bernd and Haas, Alexander and Koschel, Friederike},
  year={2008},
  publisher={Springer}
}

@misc{winfried1999empirische,
  title={Empirische Forschungsmethoden},
  author={Winfried, STIER},
  year={1999},
  publisher={Springer, Berlin Heidelberg New York}
}

@book{flick1995qualitative,
  title={Qualitative Forschung: Theorie, Methoden, Anwendung in Psychologie und Sozialwissenschaften},
  author={Flick, Uwe},
  year={1995},
  publisher={Rowohlt}
}

@book{meyen2011qualitative,
  title={Qualitative Forschung in der Kommunikationswissenschaft: eine praxisorientierte Einf{\"u}hrung},
  author={Meyen, Michael and L{\"o}blich, Maria and Pfaff-R{\"u}diger, Senta and Riesmeyer, Claudia},
  year={2001},
  publisher={Springer-Verlag}
}

@article{schnell1999methoden,
  title={Methoden der empirischen Sozialforschung},
  author={Schnell, Rainer and Hill, Paul B and Esser, Elke},
  year={1999},
  publisher={R. Oldenbourg M{\"u}nchen ua}
}

@article{wharton1994cognitive,
  title={The cognitive walkthrough method: A practitioner's guide},
  author={Wharton, Cathleen},
  journal={Usability inspection methods},
  year={1994},
  publisher={John Wiley \& Sons, Inc.}
}

@misc{rohrer_2014, 
    title={When to Use Which User-Experience Research Methods}, url={https://www.nngroup.com/articles/which-ux-research-methods/}, 
    journal={Nielsen Norman Group}, 
    publisher={Nielsen Norman Group}, 
    author={Rohrer, Christian}, 
    year={2014}, 
    month={10}
}

@article{sarodnick2006methoden,
  title={Methoden der usability evaluation},
  author={Sarodnick, Florian and Brau, Henning},
  journal={Verlag Hans Huber},
  year={2006}
}

@book{sandig1987textwissen,
  title={Textwissen: Beschreibungsm{\"o}glichkeiten und Realisierungen von Textmustern am Beispiel der Richtigstellung},
  author={Sandig, Barbara},
  year={1987},
  publisher={R{\"o}hrig}
}

@book{dumas1999practical,
  title={A practical guide to usability testing},
  author={Dumas, Joseph S and Dumas, Joseph S and Redish, Janice},
  year={1999},
  publisher={Intellect books}
}

@inproceedings{wirtz2009age,
  title={Age-specific usability issues of software interfaces},
  author={Wirtz, Simone and Jakobs, Eva-Maria and Ziefle, Martina},
  booktitle={Proceedings of the IEA},
  volume={17},
  year={2009}
}

@book{beier2004kontrolluberzeugungen,
  title={Kontroll{\"u}berzeugungen im Umgang mit Technik: ein Pers{\"o}nlichkeitsmerkmal mit Relevanz f{\"u}r die Gestaltung technischer Systeme},
  author={Beier, Guido},
  year={2004},
  publisher={dissertation. de}
}

@article{selting1998gesprachsanalytisches,
  title={Gesprachsanalytisches transkriptionssystem (GAT)},
  author={Selting, Margret and Auer, Peter and Barden, Birgit and Bergmann, J{\"o}rg and Couper-Kuhlen, Elizabeth and G{\"u}nthner, Susanne and Meier, Christoph and Quasthoff, Uta and Schlobinski, Peter and Uhmann, Susanne},
  journal={Linguistische Berichte},
  pages={91--122},
  year={1998},
  publisher={WESTDEUTSCHER VERLAG GMBH}
}